@book{nielsen_usability,
  author = {Jakob Nielsen},
  title = {Usability Engineering},
  publisher = {Morgan Kaufmann},
  year = {1994},
  isbn = {9780125184069}
}

@book{norman_design,
  author = {Don Norman},
  title = {The Design of Everyday Things},
  publisher = {Basic Books},
  year = {2013},
  edition = {Revised and Expanded Edition}
}

@book{cagan_inspired,
  author = {Marty Cagan},
  title = {Inspired: How to Create Tech Products Customers Love},
  publisher = {Wiley},
  year = {2017}
}

@book{mcconnell_code,
  author = {Steve McConnell},
  title = {Code Complete: A Practical Handbook of Software Construction},
  publisher = {Microsoft Press},
  year = {2004},
  edition = {2nd}
}

@book{pressman_swebok,
  author = {Roger S. Pressman and Bruce R. Maxim},
  title = {Software Engineering: A Practitioner's Approach},
  publisher = {McGraw-Hill Education},
  year = {2019},
  edition = {9th}
}

@book{newport_deepwork,
  author = {Cal Newport},
  title = {Deep Work: Rules for Focused Success in a Distracted World},
  publisher = {Grand Central Publishing},
  year = {2016}
}

@article{google_calendar_design,
  author = {Chen, Yu and Li, Qian},
  title = {Design and Implementation of an Online Calendar System Based on Cloud Services},
  journal = {International Journal of Computer Applications},
  year = {2021},
  volume = {183},
  number = {45},
  pages = {1--5}
}

@inproceedings{calendar_ux,
  author = {Huang, Li and Zhang, Meng},
  title = {UX Design Patterns in Digital Calendar Applications},
  booktitle = {Proceedings of the 2022 International Conference on Human-Computer Interaction},
  year = {2022},
  pages = {215--225},
  publisher = {Springer}
}

@book{booch_uml,
  author = {Grady Booch and James Rumbaugh and Ivar Jacobson},
  title = {The Unified Modeling Language User Guide},
  publisher = {Addison-Wesley},
  year = {2005},
  edition = {2nd}
}

@misc{google_developer_calendarapi,
  author = {{Google Developers}},
  title = {Google Calendar API Documentation},
  howpublished = {\url{https://developers.google.com/calendar}},
  year = {2024},
  note = {Accessed October 2025}
}
